@misc{cosmo2018isospectralization,
    title={Isospectralization, or how to hear shape, style, and correspondence},
    author={Luca Cosmo and Mikhail Panine and Arianna Rampini and Maks Ovsjanikov and Michael M. Bronstein and Emanuele Rodolà},
    year={2018},
    eprint={1811.11465},
    archivePrefix={arXiv},
    primaryClass={cs.CG}
}

@article{kac1966can,
  title={Can one hear the shape of a drum?},
  author={Kac, Mark},
  journal={The american mathematical monthly},
  volume={73},
  number={4P2},
  pages={1--23},
  year={1966},
  publisher={Taylor \& Francis}
}

@incollection{ovsjanikov2016computing,
  title={Computing and processing correspondences with functional maps},
  author={Ovsjanikov, Maks and Corman, Etienne and Bronstein, Michael and Rodol{\`a}, Emanuele and Ben-Chen, Mirela and Guibas, Leonidas and Chazal, Frederic and Bronstein, Alex},
  booktitle={SIGGRAPH ASIA 2016 Courses},
  pages={1--60},
  year={2016}
}

@article{kim2011blended,
  title={Blended intrinsic maps},
  author={Kim, Vladimir G and Lipman, Yaron and Funkhouser, Thomas},
  journal={ACM transactions on graphics (TOG)},
  volume={30},
  number={4},
  pages={1--12},
  year={2011},
  publisher={ACM New York, NY, USA}
}

@article{berger2006panoramic,
  title={A panoramic view of Riemannian geometry},
  author={Berger, Marcel and Hitchin, Nigel},
  journal={The Mathematical Intelligencer},
  volume={28},
  number={2},
  pages={73--74},
  year={2006},
  publisher={Springer}
}

@article{jacobson2012cotangent,
  title={A cotangent laplacian for images as surfaces},
  author={Jacobson, Alec and Sorkine-Hornung, Olga},
  journal={Technical Report/ETH Zurich, Department of Computer Science},
  volume={757},
  year={2012},
  publisher={ETH Zurich}
}

@misc{eisenberger2019smooth,
    title={Smooth Shells: Multi-Scale Shape Registration with Functional Maps},
    author={Marvin Eisenberger and Zorah Lähner and Daniel Cremers},
    year={2019},
    eprint={1905.12512},
    archivePrefix={arXiv},
    primaryClass={cs.CV}
}

@unknown{Yiaza,
author = {Yaiza Canzani},
year = {2015},
month = {11},
pages = {},
title = {Notes on Analysis on manifolds via the Laplacian},
doi = {10.13140/RG.2.1.2746.0567}
}